@ARTICLE{ownconsp,
	author = {Савченко, М. А.},
	title = {Нормативная теория заговоров},
	journal = {МТиП},
	year = {2020},
	volume = {12},
	number = {1},
	pages = {33--59},
	language = {russian},
	authorvak = {true},
	authorscopus = {true},
	authorwos = {true},
	addendum = {(ВАК, Scopus, Web of Science)}
}

@unpublished{owncards,
	author = {Савченко, М. А.},
	title = {Карточная игра <<Тессеракт>>},
	year = {2021},
	language = {russian},
	authorother = {true}
}

@unpublished{ownsched,
	author = {Савченко, М. А.},
	title = {Планирование заданий с немонотонной отдачей},
	year = {2021},
	language = {russian},
	authorother = {true}
}

@CONFERENCE{ownlmr2021,
	author = {Савченко, М. А.},
	title = {Влияние дополнительной информационной асимметрии на решения игр},
	booktitle = {Ломоносовские чтения - 2021},
	year = {2021},
	language = {russian},
	authorconf = {true}
}

@inproceedings{ownorm2018,
	author = {Савченко, М. А.},
	title = {Axiomatic approach to conspiracy theory},
	booktitle = {IX Московская международная конференция по исследованию операций (ORM2018): Москва, 22–27 октября 2018 г.: Труды},
	year = {2018},
	language = {russian},
	authorconf = {true}
}

@CONFERENCE{ownlmr2017,
	author = {Савченко, М. А.},
	title = {Частично коррелированные равновесия в игровых моделях конкуренции},
	booktitle = {Ломоносовские чтения - 2017},
	year = {2017},
	language = {russian},
	authorconf = {true}
}

@inproceedings{confbib1,
  author = {Фамилия, И. О.},
  title = {название тезисов конференции},
  booktitle = {Название сборника},
  year = {2015},
  language = {russian},
  authorconf = {true},
}

@CONFERENCE{confbib2,
  author = {Фамилия, И. О.},
  title = {название тезисов конференции},
  booktitle = {Название сборника},
  year = {2015},
  language = {russian},
  authorconf = {true},
}

@ARTICLE{bib1,
  author = {Фамилия, И. О.},
  title = {Название статьи},
  journal = {Журнал},
  year = {2012},
  volume = {1},
  pages = {100},
  language = {russian},
  authorother = {true},
  authorconf = {true},
}

@CONFERENCE{bib2,
  author = {Фамилия, И. О.},
  title = {название тезисов конференции},
  booktitle = {Название сборника},
  year = {2012},
  language = {russian},
  authorconf = {true},
}

@ARTICLE{scbib1,
  author = {Фамилия, И. О. and Фамилия2, И. О. and Фамилия3, И. О.},
  title = {Название статьи},
  journal = {Журнал},
  year = {2018},
  volume = {2},
  number = {1},
  pages = {99--102},
  language = {russian},
  authorscopus = {true},
  authorwos = {true},
  addendum = {(Scopus, WoS)},
}

@ARTICLE{vakbib1,
  author = {Фамилия, И. О. and Фамилия2, И. О. and Фамилия3, И. О.},
  addendum = {(0,28~п.~л.; ВАК, WoS)},
  title = {Название статьи},
  journal = {Журнал},
  year = {2013},
  volume = {1},
  number = {5},
  pages = {100--120},
  language = {russian},
  authorvak = {true},
  authorwos = {true},
}

@ARTICLE{vakbib2,
  author = {Фамилия, И. О. and Фамилия2, И. О. and Фамилия3, И. О. and Фамилия4, И. О.},
  addendum = {(0,33~п.~л.~/ 0,28~п.~л.; ВАК)},
  title = {Название статьи},
  journal = {Журнал},
  year = {2014},
  volume = {1},
  number = {5},
  pages = {100--120},
  language = {russian},
  authorvak = {true},
}

@ARTICLE{wosbib1,
  author = {Фамилия, И. О. and Фамилия2, И. О. and Фамилия3, И. О.},
  addendum = {(0,21~п.~л., WoS)},
  title = {Название статьи},
  journal = {Журнал},
  year = {2011},
  volume = {1},
  number = {8},
  pages = {105--120},
  language = {russian},
  authorwos = {true},
}
