@article{Aumann74,
	author = {Aumann, Robert J.},
	title = {Subjectivity and correlation in randomized strategies},
	journal = {Journal of Mathematical Economics},
	year = {1974},
	month = {3},
	volume = {1},
	number = {1},
	pages = {67--96},
	language = {english}
}

@article{Aumann87,
	author = {Aumann, Robert J.},
	title = {Correlated Equilibrium as an Expression of Bayesian Rationality},
	journal = {Econometrica},
	year = {1987},
	volume = {55},
	number = {1},
	pages = {1--18},
	language = {english}
}

@BOOK{Kolmogorov,
	author = {Колмогоров, А.Н.},
	title = {Основные понятия теории вероятностей},
	edition = {2-е изд},
	publisher = {М.:~Наука},
	year = {1974},
	language = {russian}
}

@BOOK{Nikolenko,
	title = {Теория экономических механизмов: учебное пособие},
	series = {Основы экономики и менеджмента},
	author = {Николенко, С.И.},
	address = {Москва},
	publisher = {Интернет-университет информационных технологий БИНОМ. Лаборатория знаний},
	year = {2009},
	language = {russian}
}

@article{Myerson82,
	author = {Myerson, Roger B.},
	title = {Optimal coordination mechanisms in generalized principal–agent problems},
	journal = {Journal of Mathematical Economics},
	volume = {10},
	number = {1},
	pages = {67--81},
	year = {1982},
	language = {english}
}

@article{Myerson86,
	author = {Myerson, Roger B.},
	title = {Multistage Games with Communication},
	journal = {Econometrica},
	volume = {54},
	number = {2},
	pages = {323--358},
	year = {1986},
	language = {english}
}

@article{Fudenberg,
	author = {Drew Fudenberg and Eric Maskin},
	journal = {Econometrica},
	number = {3},
	pages = {533--554},
	publisher = {[Wiley, Econometric Society]},
	title = {The Folk Theorem in Repeated Games with Discounting or with Incomplete Information},
	volume = {54},
	year = {1986},
	language = {english}
}

@article{Dhillon,
	author = {Amrita Dhillon and Jean Fran\c{c}ois Mertens},
	title = {The Folk Theorem in Repeated Games with Discounting or with Incomplete Information},
	journal = {Journal of Economic Theory},
	number = {2},
	pages = {279--302},
	volume = {68},
	year = {1996},
	language = {english}
}

@article{Hart,
	author = {Sergiu Hart and Andreu Mas-Colell},
	title = {A Simple Adaptive Procedure Leading to Correlated Equilibrium},
	journal = {Econometrica},
	number = {5},
	pages = {1127--1150},
	volume = {68},
	year = {2000},
	language = {english}
}

@BOOK{Engelking,
	author = {Энгелькинг, Р.},
	title = {Общая топология},
	address = {М.},
	publisher = {Мир},
	year = {1986},
	language = {russian}
}

@BOOK{Bogachev,
	author = {Богачев, В.И.},
	title = {Основы теории меры},
	volume = {1},
	address = {Москва-Ижевск},
	publisher = {НИЦ <<Регулярная и хаотическая динамика>>},
	year = {2003},
	language = {russian}
}

@InProceedings{Koutsoupias,
	author = {Koutsoupias, Elias and Papadimitriou, Christos},
	title = {Worst-Case Equilibria},
	booktitle = {STACS 99},
	year = {1999},
	publisher = {Springer Berlin Heidelberg},
	address = {Berlin, Heidelberg},
	pages = {404--413},
	language = {english}
}

@InProceedings{Agussurja,
	author = {Agussurja, Lucas and Lau, Hoong},
	year = {2007},
	month = {12},
	pages = {305--311},
	title = {The Price of Stability in Selfish Scheduling Games},
	volume = {7},
	journal = {Web Intelligence and Agent Systems: An International Journal - WIAS},
	language = {english}
}

@BOOK{Boyd,
	title = {Protocols for Authentication and Key Establishment},
	author = {Boyd, C. and Mathuria, A.},
	series = {Information Security and Cryptography},
	year = {2003},
	publisher = {Springer},
	language = {english}
}

@InProceedings{Gutmann,
	title = {Software Generation of Practically Strong Random Numbers},
	author = {Peter C. Gutmann},
	booktitle = {USENIX Security Symposium},
	year = {1998},
	language = {english}
}

@InProceedings{Bernstein,
	author = {Bernstein, Daniel J.},
	title = {Curve25519: New Diffie-Hellman Speed Records},
	booktitle = {Public Key Cryptography - PKC 2006},
	year = {2006},
	publisher = {Springer},
	address = {Berlin, Heidelberg},
	pages = {207--228},
	language = {english}
}

@article{Vasin,
	title = {The Folk theorem for dominance solutions},
	author = {Vasin, Alexander},
	year = {1999},
	journal = {International Journal of Game Theory},
	volume = {28},
	number = {1},
	pages = {15--24},
	language = {english}
}
